
    <record>
        <leader>00000nz  a2200169   4500</leader>
        <controlfield tag="001">30003856</controlfield>
        <controlfield tag="003">RISM</controlfield>
        <controlfield tag="005">20160216</controlfield>
        <controlfield tag="008">160216n||az|||||||##########||||||||||||</controlfield>
        <datafield tag="040" ind1=" " ind2=" ">
            <subfield code="a">GE-Tiv</subfield>
        </datafield>
        <datafield tag="043" ind1=" " ind2=" ">
            <subfield code="c">XB-GE</subfield>
        </datafield>
        <datafield tag="110" ind1="2" ind2=" ">
            <subfield code="a">Institut vostokovedenija Akademii Nauk</subfield>
            <subfield code="c">Tbilisi</subfield>
            <subfield code="g">GE-Tiv</subfield>
        </datafield>
        <datafield tag="622" ind1=" " ind2=" ">
            <subfield code="e">Institut vostokovedenija Akademii Nauk, Tbilisi, Georgien</subfield>
        </datafield>
    </record>
</collection>

